@inproceedings{buzato09,
  title={Dynamic content web applications: Crash, failover, and recovery analysis},
  author={Buzato, L.E. and Vieira, G.M.D. and Zwaenepoel, W.},
  booktitle={Dependable Systems \& Networks, 2009. DSN'09. IEEE/IFIP International Conference on},
  pages={229--238},
  year={2009},
  organization={IEEE}
}