@Article{herlihy91,
  Title                    = {Wait-free synchronization},
  Author                   = {Herlihy, Maurice},
  Journal                  = {ACM Trans. Program. Lang. Syst.},
  Year                     = {1991},

  Month                    = jan,
  Number                   = {1},
  Pages                    = {124--149},
  Volume                   = {13},

  Acmid                    = {102808},
  Address                  = {New York, NY, USA},
  Doi                      = {10.1145/114005.102808},
  File                     = {:papers/herlihy91.pdf:PDF},
  ISSN                     = {0164-0925},
  Issue_date               = {Jan. 1991},
  Keywords                 = {linearization, wait-free synchronization},
  Numpages                 = {26},
  Owner                    = {buzato},
  Publisher                = {ACM},
  Timestamp                = {2013.04.22},
  Url                      = {http://doi.acm.org/10.1145/114005.102808}
}