@Article{lamport77b,
  Title                    = {Concurrent reading and writing},
  Author                   = {Lamport, Leslie},
  Journal                  = {Commun. ACM},
  Year                     = {1977},

  Month                    = nov,
  Number                   = {11},
  Pages                    = {806--811},
  Volume                   = {20},

  Acmid                    = {359878},
  Address                  = {New York, NY, USA},
  Doi                      = {10.1145/359863.359878},
  File                     = {:papers/lamport77b.pdf:PDF},
  ISSN                     = {0001-0782},
  Issue_date               = {Nov. 1977},
  Keywords                 = {asynchronous multiprocessing, multiprocess synchronization, readers/writers problem, shared data},
  Numpages                 = {6},
  Owner                    = {buzato},
  Publisher                = {ACM},
  Timestamp                = {2013.09.25},
  Url                      = {http://doi.acm.org/10.1145/359863.359878}
}