@article{schneider1990,
  title={Implementing fault-tolerant services using the state machine approach: A tutorial},
  author={Schneider, Fred B},
  journal={ACM Computing Surveys (CSUR)},
  volume={22},
  number={4},
  pages={299--319},
  year={1990},
  publisher={ACM}
} 

@article{lamport1978,
  title={Time, clocks, and the ordering of events in a distributed system},
  author={Lamport, Leslie},
  journal={Communications of the ACM},
  volume={21},
  number={7},
  pages={558--565},
  year={1978},
  publisher={ACM}
}

@article{lamport1984,
  title={Using time instead of timeout for fault-tolerant distributed systems.},
  author={Lamport, Leslie},
  journal={ACM Transactions on Programming Languages and Systems (TOPLAS)},
  volume={6},
  number={2},
  pages={254--280},
  year={1984},
  publisher={ACM}
}

@article{schiper2004,
  title={Total order broadcast and multicast algorithms: Taxonomy and survey},
  author={D{\'e}fago, Xavier and Schiper, Andr{\'e} and Urb{\'a}n, P{\'e}ter},
  journal={ACM Computing Surveys (CSUR)},
  volume={36},
  number={4},
  pages={372--421},
  year={2004},
  publisher={ACM}
}

@article{chandra1996,
  title={Unreliable failure detectors for reliable distributed systems},
  author={Chandra, Tushar Deepak and Toueg, Sam},
  journal={Journal of the ACM (JACM)},
  volume={43},
  number={2},
  pages={225--267},
  year={1996},
  publisher={ACM}
}

@article{lamport1998,
  title={The part-time parliament},
  author={Lamport, Leslie},
  journal={ACM Transactions on Computer Systems (TOCS)},
  volume={16},
  number={2},
  pages={133--169},
  year={1998},
  publisher={ACM}
}
